<record><leader>00000cas a22000007a 4500</leader><controlfield tag="001">43272304</controlfield><controlfield tag="008">000113d19761980vauwr ne      0    0eng d</controlfield><datafield ind1=" " ind2=" " tag="010"><subfield code="a">sn 00064421 </subfield></datafield><datafield ind1=" " ind2=" " tag="040"><subfield code="a">NVK</subfield><subfield code="b">eng</subfield><subfield code="c">NVK</subfield><subfield code="d">OCLCF</subfield><subfield code="d">OCLCO</subfield></datafield><datafield ind1="1" ind2=" " tag="029"><subfield code="a">AU@</subfield><subfield code="b">000021316156</subfield></datafield><datafield ind1=" " ind2=" " tag="042"><subfield code="a">msc</subfield></datafield><datafield ind1=" " ind2=" " tag="043"><subfield code="a">n-us-va</subfield></datafield><datafield ind1="0" ind2="0" tag="245"><subfield code="a">Southwest progress.</subfield></datafield><datafield ind1="1" ind2="3" tag="246"><subfield code="a">Saltville progress</subfield></datafield><datafield ind1=" " ind2=" " tag="260"><subfield code="a">Saltville, Va. :</subfield><subfield code="b">N.R. Murray, Jr.,</subfield><subfield code="c">1976-</subfield></datafield><datafield ind1=" " ind2=" " tag="300"><subfield code="a">v.</subfield></datafield><datafield ind1=" " ind2=" " tag="310"><subfield code="a">Weekly</subfield></datafield><datafield ind1="0" ind2=" " tag="362"><subfield code="a">Vol. 1, no. 1 (Jul. 14, 1976)-</subfield></datafield><datafield ind1="1" ind2=" " tag="362"><subfield code="a">Ceased in 1980.</subfield></datafield><datafield ind1=" " ind2=" " tag="500"><subfield code="a">Expanded news coverage for Tazewell, Washington, Bland, Wythe, Grayson, and Smyth counties.</subfield></datafield><datafield ind1=" " ind2=" " tag="530"><subfield code="a">Available on microfilm from Bell &amp; Howell, Micro Photo Div.</subfield></datafield><datafield ind1=" " ind2=" " tag="580"><subfield code="a">N.R. Murray, Jr. also published: Saltville progress.</subfield></datafield><datafield ind1=" " ind2="0" tag="651"><subfield code="a">Smyth County (Va.)</subfield><subfield code="v">Newspapers.</subfield></datafield><datafield ind1=" " ind2="0" tag="651"><subfield code="a">Saltville (Va.)</subfield><subfield code="v">Newspapers.</subfield></datafield><datafield ind1=" " ind2="7" tag="655"><subfield code="a">Newspapers.</subfield><subfield code="2">fast</subfield><subfield code="0">(OCoLC)fst01423814</subfield></datafield><datafield ind1=" " ind2="7" tag="651"><subfield code="a">Virginia</subfield><subfield code="z">Saltville.</subfield><subfield code="2">fast</subfield><subfield code="0">(OCoLC)fst01224800</subfield></datafield><datafield ind1=" " ind2="7" tag="651"><subfield code="a">Virginia</subfield><subfield code="z">Smyth County.</subfield><subfield code="2">fast</subfield><subfield code="0">(OCoLC)fst01228071</subfield></datafield><datafield ind1=" " ind2=" " tag="752"><subfield code="a">United States</subfield><subfield code="b">Virginia</subfield><subfield code="c">Smyth</subfield><subfield code="d">Saltville.</subfield></datafield><datafield ind1="1" ind2=" " tag="775"><subfield code="t">Saltville progress</subfield><subfield code="w">(DLC)sn 00064375</subfield></datafield><datafield ind1=" " ind2=" " tag="936"><subfield code="a">Vol. 5, no. 40 (Oct. 1, 1980) LIC</subfield></datafield></record>